%% This BibTeX bibliography file was created using BibDesk.
%% https://bibdesk.sourceforge.io/

%% Created for Daniel Gretzke at 2019-05-14 02:57:46 +0200 


%% Saved with string encoding Unicode (UTF-8) 


@comment{jabref-meta: databaseType:bibtex;}



@misc{bip44,
	Author = {Bitcoin},
	Date-Added = {2019-05-13 16:53:45 +0200},
	Date-Modified = {2019-05-13 16:54:13 +0200},
	Howpublished = {\url{https://github.com/bitcoin/bips/blob/master/bip-0044.mediawiki}},
	Note = {[Online; accessed: 2019-05-13]},
	Title = {Private key derivation}}

@misc{bip39,
	Author = {Bitcoin},
	Date-Added = {2019-05-13 15:32:37 +0200},
	Date-Modified = {2019-05-13 17:00:29 +0200},
	Howpublished = {\url{https://github.com/bitcoin/bips/blob/master/bip-0039.mediawiki}},
	Note = {[Online; accessed: 2019-05-13]},
	Title = {BIP39 Mnemonic phrases}}

@misc{metamask,
	Author = {Metamask},
	Date-Added = {2019-05-13 15:12:28 +0200},
	Date-Modified = {2019-05-13 15:14:28 +0200},
	Howpublished = {\url{https://metamask.io/}},
	Note = {[Online; accessed: 2019-05-13]},
	Title = {Wallet browser extension}}

@misc{javascript-1.0,
	Author = {Ethereum Foundation},
	Date-Added = {2019-05-13 03:04:03 +0200},
	Date-Modified = {2019-05-13 03:16:29 +0200},
	Howpublished = {\url{https://web3js.readthedocs.io/en/1.0/}},
	Note = {[Online; accessed: 2019-05-13]},
	Title = {JavaScript Ethereum API 1.0}}

@misc{javascript-0.20,
	Author = {Ethereum Foundation},
	Date-Added = {2019-05-13 03:03:09 +0200},
	Date-Modified = {2019-05-13 03:05:32 +0200},
	Howpublished = {\url{https://github.com/ethereum/wiki/wiki/JavaScript-API}},
	Note = {[Online; accessed: 2019-05-13]},
	Title = {JavaScript Ethereum API 0.2x.x}}

@misc{management-apis,
	Author = {Ethereum Foundation},
	Date-Added = {2019-05-13 02:39:19 +0200},
	Date-Modified = {2019-05-13 02:40:07 +0200},
	Howpublished = {\url{https://github.com/ethereum/go-ethereum/wiki/Management-APIs}},
	Note = {[Online; accessed: 2019-05-13]},
	Title = {Management APIs}}

@misc{json-rpc,
	Author = {Ethereum Foundation},
	Date-Added = {2019-05-13 02:38:46 +0200},
	Date-Modified = {2019-05-13 02:39:15 +0200},
	Howpublished = {\url{https://github.com/ethereum/wiki/wiki/JSON-RPC}},
	Note = {[Online; accessed: 2019-05-12]},
	Title = {JSON RPC}}

@misc{cli-options,
	Author = {Ethereum Foundation},
	Date-Added = {2019-05-13 02:31:56 +0200},
	Date-Modified = {2019-05-13 02:32:41 +0200},
	Howpublished = {\url{https://github.com/ethereum/go-ethereum/wiki/Command-Line-Options}},
	Note = {[Online; accessed: 2019-05-12]},
	Title = {Command Line Options}}

@misc{websockets,
	Author = {Links2004},
	Date-Added = {2019-05-13 01:01:20 +0200},
	Date-Modified = {2019-05-13 01:02:05 +0200},
	Howpublished = {\url{https://github.com/Links2004/arduinoWebSockets}},
	Note = {[Online; accessed: 2019-05-12]},
	Title = {WebSocket Server and Client for Arduino}}

@misc{vcp-drivers,
	Author = {Silicon Labs},
	Date-Added = {2019-05-13 00:32:34 +0200},
	Date-Modified = {2019-05-13 00:33:23 +0200},
	Howpublished = {\url{https://www.silabs.com/products/development-tools/software/usb-to-uart-bridge-vcp-drivers}},
	Note = {[Online; accessed: 2019-05-12]},
	Title = {CP210x USB to UART Bridge VCP Drivers}}

@misc{btc-conf-time,
	Author = {blockchain.com},
	Date-Added = {2019-05-12 21:53:12 +0200},
	Date-Modified = {2019-05-12 21:54:23 +0200},
	Howpublished = {\url{https://www.blockchain.com/en/charts/avg-confirmation-time?timespan=all&daysAverageString=7}},
	Note = {[Online; accessed: 2019-05-12]},
	Title = {Average Confirmation Time}}

@misc{geth-instructions,
	Author = {Ethereum Foundation},
	Date-Added = {2019-05-12 17:46:01 +0200},
	Date-Modified = {2019-05-12 17:47:07 +0200},
	Howpublished = {\url{https://github.com/ethereum/go-ethereum/wiki/Installing-Geth}},
	Note = {[Online; accessed: 2019-05-12]},
	Title = {Installing Geth}}

@misc{geth,
	Author = {Ethereum Foundation},
	Date-Added = {2019-05-11 15:53:32 +0200},
	Date-Modified = {2019-05-11 15:54:14 +0200},
	Howpublished = {\url{https://github.com/ethereum/go-ethereum}},
	Note = {[Online; accessed: 2019-05-11]},
	Title = {Go Ethereum}}

@misc{micro-ecc,
	Author = {Kenneth MacKay},
	Date-Added = {2019-05-11 03:58:44 +0200},
	Date-Modified = {2019-05-11 03:59:47 +0200},
	Howpublished = {\url{https://github.com/kmackay/micro-ecc}},
	Note = {[Online; accessed: 2019-01-15]},
	Title = {micro-ecc}}

@misc{acs712,
	Author = {Allegro MicroSystems Inc.},
	Date-Added = {2019-05-11 03:15:32 +0200},
	Date-Modified = {2019-05-11 04:25:03 +0200},
	Howpublished = {\url{https://www.sparkfun.com/datasheets/BreakoutBoards/0712.pdf}},
	Note = {[Online; accessed: 2019-05-11]},
	Title = {Fully Integrated, Hall Effect-Based Linear Current Sensor}}

@misc{nano-confirmation-time,
	Author = {Repnode.org},
	Date-Added = {2019-05-09 11:39:47 +0200},
	Date-Modified = {2019-05-09 11:41:10 +0200},
	Howpublished = {\url{ http://repnode.org/network/propagation-confirmation}},
	Note = {[Online; accessed: 2019-02-22, 14:54]},
	Title = {Block Propagation and Confirmation Times},
	Year = {2019}}

@misc{nano-white-paper,
	Author = {Colin LeMahieu},
	Date-Added = {2019-05-09 01:05:27 +0200},
	Date-Modified = {2019-05-09 01:09:27 +0200},
	Howpublished = {\url{https://nano.org/en/whitepaper}},
	Note = {[Online; accessed 2019-05-06]},
	Title = {Nano: A Feeless Distributed Cryptocurrency Network}}

@misc{nano-stress-test,
	Author = {Brian Pugh},
	Date-Added = {2019-05-09 00:24:18 +0200},
	Date-Modified = {2019-05-09 00:25:55 +0200},
	Howpublished = {\url{https://medium.com/@bnp117/stress-testing-the-raiblocks-network-part-ii-def83653b21f}},
	Note = {[Online; accessed 2019-05-06]},
	Title = {Stress Testing The RaiBlocks Network: Part II},
	Year = {2018}}

@misc{ethereum-fee,
	Author = {ETH Gas Station},
	Date-Added = {2019-05-09 00:22:54 +0200},
	Date-Modified = {2019-05-09 00:22:54 +0200},
	Howpublished = {\url{https://ethgasstation.info/}},
	Note = {[Online; accessed 2019-05-06]},
	Title = {Fees},
	Year = {2019}}

@misc{iota-time,
	Author = {The Tangle Monitor},
	Date-Added = {2019-05-09 00:22:30 +0200},
	Date-Modified = {2019-05-09 00:22:30 +0200},
	Howpublished = {\url{https://tanglemonitor.com/}},
	Note = {[Online; accessed 2019-05-06]},
	Title = {Average Confirmation Time},
	Year = {2019}}

@misc{tangle,
	Author = {Serguei Popov},
	Date-Added = {2019-05-09 00:22:25 +0200},
	Date-Modified = {2019-05-09 00:22:25 +0200},
	Howpublished = {\url{https://assets.ctfassets.net/r1dr6vzfxhev/2t4uxvsIqk0EUau6g2sw0g/45eae33637ca92f85dd9f4a3a218e1ec/iota1_4_3.pdf}},
	Note = {[Online; accessed 2019-05-06]},
	Title = {The Tangle},
	Year = {2018}}

@misc{paypal-fees,
	Author = {Paypal},
	Date-Added = {2019-05-08 23:43:44 +0200},
	Date-Modified = {2019-05-08 23:45:23 +0200},
	Howpublished = {\url{https://www.paypal.com/de/webapps/mpp/paypal-fees}},
	Note = {[Online; accessed 2019-05-06]},
	Title = {Fees for micro transactions},
	Year = {2019}}

@misc{ethereum-blocktime-chart,
	Author = {etherscan.io},
	Date-Added = {2019-05-08 17:59:42 +0200},
	Date-Modified = {2019-05-09 01:27:36 +0200},
	Howpublished = {\url{https://etherscan.io/chart/blocktime}},
	Note = {[Online; accessed 2019-05-06]},
	Title = {Ethereum Average Block Time Chart},
	Year = {2019}}

@misc{ethereum-blocktime,
	Author = {Vitalik Buterin},
	Date-Added = {2019-05-08 17:58:31 +0200},
	Date-Modified = {2019-05-08 17:59:39 +0200},
	Howpublished = {\url{https://blog.ethereum.org/2014/07/11/toward-a-12-second-block-time/}},
	Note = {[Online; accessed 2019-05-06]},
	Title = {Toward a 12-second Block Time},
	Year = {2014}}

@misc{public-key-cryptography,
	Author = {Don Johnson, Alfred Menezes, Scott Vansto},
	Date-Added = {2019-05-08 17:16:29 +0200},
	Date-Modified = {2019-05-08 17:18:37 +0200},
	Howpublished = {\url{https://web.archive.org/web/20170921160141/http://cs.ucsb.edu/~koc/ccs130h/notes/ecdsa-cert.pdf}},
	Note = {[Online; accessed 2019-05-06]},
	Title = {The Elliptic Curve Digital Signature Algorithm (ECDSA)}}

@misc{ethereum-yellow-paper,
	Author = {Dr. Gavin Wood},
	Date-Added = {2019-05-08 17:06:13 +0200},
	Date-Modified = {2019-05-08 17:12:58 +0200},
	Howpublished = {\url{https://ethereum.github.io/yellowpaper/paper.pdf}},
	Note = {[Online; accessed 2019-05-06]},
	Title = {Ethereum yellow paper},
	Year = {2019}}

@misc{bitcoin-whitepaper,
	Author = {Satoshi Nakamoto},
	Date-Added = {2019-05-08 17:02:14 +0200},
	Date-Modified = {2019-05-08 17:14:35 +0200},
	Howpublished = {\url{https://bitcoin.org/bitcoin.pdf}},
	Note = {[Online; accessed 2019-05-06]},
	Rating = {0},
	Read = {0},
	Title = {Bitcoin white paper},
	Year = {2008}}

@article{hash,
	Author = {Rogaway P., Shrimpton T.},
	Date-Added = {2019-05-08 16:56:13 +0200},
	Date-Modified = {2019-05-08 16:57:14 +0200},
	Journal = {Roy B., Meier W. (eds) Fast Software Encryption. FSE 2004. Lecture Notes in Computer Science, vol 3017. Springer, Berlin, Heidelberg},
	Title = {Cryptographic Hash-Function Basics: Definitions, Implications, and Separations for Preimage Resistance, Second-Preimage Resistance, and Collision Resistance.},
	Year = {(2004)}}

@misc{bitcoinTPS,
	Author = {blockchain.com},
	Date-Modified = {2019-05-12 21:54:40 +0200},
	Howpublished = {\url{https://www.blockchain.com/de/charts/transactions-per-second?daysAverageString=7}},
	Note = {[Online; accessed: 2019-05-06]},
	Title = {7 day average chart}}

@misc{visa,
	Author = {Visa},
	Howpublished = {\url{https://s1.q4cdn.com/050606653/files/doc_financials/annual/2018/Visa-2018-Annual-Report-FINAL.pdf}},
	Note = {[Online; accessed: 2019-01-05]},
	Title = {Annual Report 2018}}
