@misc{www:pdflatex-makefile,
	author = {Benjamin Ransford},
	title = {pdflatex-makefile},
	howpublished = {http://github.com/ransford/pdflatex-makefile}}
